<record><leader>00000cas a22000007a 4500</leader><controlfield tag="001">12159196</controlfield><controlfield tag="008">850614c18819999inuwr ne      0    0eng d</controlfield><datafield ind1=" " ind2=" " tag="010"><subfield code="a">sn 85047947 </subfield></datafield><datafield ind1=" " ind2=" " tag="040"><subfield code="a">NPI</subfield><subfield code="b">eng</subfield><subfield code="c">NPI</subfield><subfield code="d">OCLCQ</subfield></datafield><datafield ind1=" " ind2=" " tag="042"><subfield code="a">msc</subfield></datafield><datafield ind1="0" ind2=" " tag="130"><subfield code="a">Columbus herald (Columbus, Ind. : Weekly)</subfield></datafield><datafield ind1="1" ind2="4" tag="245"><subfield code="a">The Columbus herald.</subfield></datafield><datafield ind1=" " ind2=" " tag="260"><subfield code="a">Columbus, Ind. :</subfield><subfield code="b">[Brown &amp; Gilmore]</subfield></datafield><datafield ind1=" " ind2=" " tag="300"><subfield code="a">v. :</subfield><subfield code="b">ill. ;</subfield><subfield code="c">53-58 cm.</subfield></datafield><datafield ind1=" " ind2=" " tag="310"><subfield code="a">Weekly</subfield></datafield><datafield ind1="1" ind2=" " tag="362"><subfield code="a">Began in 1881</subfield><subfield code="z">Cf. Miller, John W. Indiana newspaper bibliog.</subfield></datafield><datafield ind1=" " ind2=" " tag="500"><subfield code="a">Published also in a daily edition between 1882 and 1942.</subfield></datafield><datafield ind1=" " ind2=" " tag="500"><subfield code="a">Publishers' names from Miller, John W. Indiana newspaper bibliog.</subfield></datafield><datafield ind1=" " ind2=" " tag="500"><subfield code="a">"Democratic."</subfield></datafield><datafield ind1=" " ind2=" " tag="580"><subfield code="a">Absorbed the "Columbus daily herald" and the "Columbus weekly star" with the April 22, 1942 issue.</subfield></datafield><datafield ind1=" " ind2=" " tag="588"><subfield code="a">Description based on: Vol. 1, no. 43 (Sept. 2, 1882).</subfield></datafield><datafield ind1=" " ind2=" " tag="752"><subfield code="a">United States</subfield><subfield code="b">Indiana</subfield><subfield code="c">Bartholomew</subfield><subfield code="d">Columbus.</subfield></datafield><datafield ind1="1" ind2="5" tag="780"><subfield code="t">Columbus daily herald</subfield><subfield code="w">(DLC)sn 85047946</subfield></datafield><datafield ind1="1" ind2="5" tag="780"><subfield code="t">Columbus weekly star</subfield></datafield></record>